
@article{power4,
	author = {Tendler, Joel and Dodson, J. and Fields, J. and le, Hung and
	          Sinharoy, B.},
	year = {2002},
	month = {01},
	pages = {5-25},
	title = {\texttt{POWER4 system microarchitecture}},
	volume = {46},
	journal = {IBM Journal of Research and Development},
	doi = {10.1147/rd.461.0005},
}

@misc{uddin2013advances,
	title = {Advances in computer architecture},
	author = {Irfan Uddin},
	year = {2013},
	eprint = {1309.5459},
	archivePrefix = {arXiv},
	primaryClass = {cs.AR},
}

@unpublished{leader-krchowdharry,
	author = {K.R. Chowdhary},
	title = {Distributed Algorithms (Lecture Notes) (Tech) Leader election
	         Algorithms},
	howpublished = {Режим доступа:\url{
	                https://www.krchowdhary.com/dist-algo/ledrelct.pdf }},
	year = {2016},
	note = "(дата обращения: 9.10.2023)",
}


@misc{intel-multi,
	title = "Dual Core Era Begins, PC Makers Start Selling Intel-Based PCs
	         [Электронный ресурс]",
	howpublished = "Режим доступа: \url{
	                https://www.intel.com/pressroom/archive/releases/2005/20050418comp.htm
	                }",
	note = "(дата обращения: 22.10.2023)",
}

@inproceedings{google-mapreduce,
	title = {MapReduce: Simplified Data Processing on Large Clusters},
	author = {Jeffrey Dean},
	year = {2004},
	booktitle = {OSDI'04: Sixth Symposium on Operating System Design and
	             Implementation},
	pages = {137--150},
	address = {San Francisco, CA},
}

@article{10.14778/1920841.1920874,
	author = {Botan, Irina and Derakhshan, Roozbeh and Dindar, Nihal and Haas,
	          Laura and Miller, Ren\'{e}e J. and Tatbul, Nesime},
	title = {Secret: A Model for Analysis of the Execution Semantics of Stream
	         Processing Systems},
	year = {2010},
	issue_date = {September 2010},
	publisher = {VLDB Endowment},
	volume = {3},
	number = {1–2},
	issn = {2150-8097},
	url = {https://doi.org/10.14778/1920841.1920874},
	doi = {10.14778/1920841.1920874},
	journal = {Proc. VLDB Endow.},
	month = {sep},
	pages = {232–243},
	numpages = {12},
}

@misc{top500,
	title = "TOP500 [Электронный ресурс]",
	howpublished = "Режим доступа: \url{ https://www.top500.org/lists/top500/ }",
	note = "(дата обращения: 15.11.2023)",
}

@misc{apache-spark,
	title = "Apache Spark [Электронный ресурс]",
	howpublished = "Режим доступа: \url{ https://spark.apache.org }",
	note = "(дата обращения: 17.11.2023)",
}

@inproceedings{180560,
	author = {Matei Zaharia and Mosharaf Chowdhury and Tathagata Das and Ankur
	          Dave and Justin Ma and Murphy McCauly and Michael J. Franklin and
	          Scott Shenker and Ion Stoica},
	title = {Resilient Distributed Datasets: A {Fault-Tolerant} Abstraction for {
	         In-Memory} Cluster Computing},
	booktitle = {9 USENIX Symposium on Networked Systems Design and Implementation
	             (NSDI 12)},
	year = {2012},
	isbn = {978-931971-92-8},
	address = {San Jose, CA},
	pages = {15-28},
	url = {
	       https://www.usenix.org/system/files/conference/nsdi12/nsdi12-final138.pdf
	       },
	publisher = {USENIX Association},
}

@inproceedings{266915,
	author = {Benjamin Hindman and Andy Konwinski and Matei Zaharia and Ali Ghodsi
	          and Anthony D. Joseph and Randy Katz and Scott Shenker and Ion Stoica
	          },
	title = {Mesos: A Platform for {Fine-Grained} Resource Sharing in the Data
	         Center},
	booktitle = {8th USENIX Symposium on Networked Systems Design and
	             Implementation (NSDI 11)},
	year = {2011},
	url = {
	       https://www.usenix.org/conference/nsdi11/mesos-platform-fine-grained-resource-sharing-data-center
	       },
	publisher = {USENIX Association},
	month = mar,
}

@article{stream-def,
	author = {Margara, Alessandro and Rabl, Tilmann},
	year = {2018},
	month = {07},
	pages = {1-4},
	title = {Definition of Data Streams},
	journal = {Encyclopedia of Big Data Technologies},
	doi = {10.1007/978-3-319-63962-8_188-1},
}

@inproceedings{10.1007/978-3-642-53974-9_6,
	author = "Doblander, Christoph and Rabl, Tilmann and Jacobsen, Hans-Arno",
	editor = "Rabl, Tilmann and Poess, Meikel and Baru, Chaitanya and Jacobsen,
	          Hans-Arno",
	title = "Processing Big Events with Showers and Streams",
	booktitle = "Specifying Big Data Benchmarks",
	year = "2014",
	publisher = "Springer Berlin Heidelberg",
	address = "Berlin, Heidelberg",
	pages = "60--71",
	isbn = "978-3-642-53974-9",
}

@article{10.14778/2824032.2824076,
	author = {Lax, Reuven and Akidau, Tyler and Bradshaw, Robert and Chambers,
	          Craig and Chernyak, Slava and Fern\'{a}ndez-Moctezuma, Rafael J. and
	          McVeety, Sam and Mills, Daniel and Perry, Frances and Schmidt, Eric
	          and Whittle, Sam},
	title = {The Dataflow Model: A Practical Approach to Balancing Correctness,
	         Latency, and Cost in Massive-Scale, Unbounded, out-of-Order Data
	         Processing},
	year = {2015},
	issue_date = {August 2015},
	publisher = {VLDB Endowment},
	volume = {8},
	number = {12},
	issn = {2150-8097},
	url = {https://doi.org/10.14778/2824032.2824076},
	doi = {10.14778/2824032.2824076},
	journal = {Proc. VLDB Endow.},
	month = {aug},
	pages = {1792–1803},
	numpages = {12},
}
  
@inproceedings{pregel-google,
	title = {Pregel: a system for large-scale graph processing},
	author = {Grzegorz Malewicz and Matthew H. Austern and Aart J.C Bik and James
	          C. Dehnert and Ilan Horn and Naty Leiser and Grzegorz Czajkowski},
	year = {2010},
	URL = {http://doi.acm.org/10.1145/1807167.1807184},
	booktitle = {Proceedings of the 2010 international conference on Management of
	             data},
	pages = {135--146},
	address = {New York, NY, USA},
}

@inproceedings{6425724,
	author = {Quick, Louise and Wilkinson, Paul and Hardcastle, David},
	booktitle = {2012 IEEE / ACM Conference on Advances in Social Networks
	             Analysis and Mining},
	title = {Using Pregel-like Large Scale Graph Processing Frameworks for Social
	         Network Analysis},
	year = {2012},
	volume = {},
	number = {},
	pages = {457-463},
	doi = {10.1109/ASONAM.2012.254},
}

@article{Valiant1990ABM,
	title = {A bridging model for parallel computation},
	author = {Leslie G. Valiant},
	journal = {Commun. ACM},
	year = {1990},
	volume = {33},
	pages = {103-111},
	url = {https://api.semanticscholar.org/CorpusID:15655597},
}

@inproceedings{Martin2015BatchPD,
	title = {Batch Processing: Definition and Event Log Identification},
	author = {Niels Martin and Marijke Swennen and Beno{\^i}t Depaire and Mieke
	          Jans and An Caris and Koen Vanhoof},
	booktitle = {International Symposium on Data-Driven Process Discovery and
	             Analysis},
	year = {2015},
	url = {https://api.semanticscholar.org/CorpusID:18387691},
}

@book{pinedo2012scheduling,
	title = {Scheduling: Theory, Algorithms, and Systems},
	author = {Pinedo, M.L.},
	isbn = {9781461423614},
	series = {SpringerLink : B{\"u}cher},
	url = {https://books.google.com.ec/books?id=QRiDnuXSnVwC},
	year = {2012},
	publisher = {Springer New York},
}

@article{Baptiste2000,
	author = {Baptiste, Philippe},
	title = {Batching Identical Jobs},
	journal = {Math Methods of Operations Research},
	year = {2000},
	volume = {52},
	number = {3},
	pages = {355-367},
	issn = {1432-5217},
	doi = {10.1007/s001860000088},
	url = {https://doi.org/10.1007/s001860000088},
}

@misc{linpack,
	title = "TOP500 | The Linpack Benchmark [Электронный ресурс]",
	howpublished = "Режим доступа: \url{ https://www.top500.org/project/linpack/ }
	                ",
	note = "(дата обращения: 15.11.2023)",
}

@misc{microsoft-dryad,
	title = "Microsoft Research | DryadLINQ [Электронный ресурс]",
	howpublished = "Режим доступа: \url{
	                https://www.microsoft.com/en-us/research/project/dryadlinq/} ",
	note = "(дата обращения: 19.11.2023)",
}

@inproceedings{267963,
	author = {Yuan Ylleyu and Michael Isard and Dennis Fetterly and Mihai Budiu
	          and {\'U}lfar Erlingsson and Pradeep Kumar Gunda and Jon Currey},
	title = {{DryadLINQ}: A System for {General-Purpose} Distributed Computing
	         Using a {High-Level} Language},
	booktitle = {8 USENIX Symposium on Operating Systems Design and Implementation
	             (OSDI 08)},
	year = {2008},
	address = {San Diego, CA},
	url = {
	       https://www.usenix.org/conference/osdi-08/dryadlinq-system-general-purpose-distributed-data-parallel-computing-using-high
	       },
	publisher = {USENIX Association},
	month = dec,
}

@inproceedings{millwheel,
	title = {MillWheel: Fault-Tolerant Stream Processing at Internet Scale},
	author = {Tyler Akidau and Alex Balikov and Kaya Bekiroglu and Slava Chernyak
	          and Josh Haberman and Reuven Lax and Sam McVeety and Daniel Mills and
	          Paul Nordstrom and Sam Whittle},
	year = {2013},
	booktitle = {Very Large Data Bases},
	pages = {734--746},
}

@misc{parallel,
	title = {Is Parallel Programming Hard, And, If So, What Can You Do About It?
	         (Release v2023.06.11a)},
	author = {Paul E. McKenney},
	year = {2023},
	eprint = {1701.00854},
	archivePrefix = {arXiv},
	primaryClass = {cs.DC},
}

@misc{dataflow,
	title = {Google. Google Cloud Dataflow. [Электронный ресурс]},
	howpublished = "Режим доступа: \url{ https://cloud.google.com/dataflow/ },",
	note = "(дата обращения: 27.10.2023)",
}

@misc{flink-oreilly,
	title = {Apache Flink Implementation. [Электронный ресурс]},
	howpublished = "Режим доступа: \url{
	                https://www.oreilly.com/library/view/serving-machine-learning/9781492024095/ch04.html
	                },",
	note = "(дата обращения: 11.12.2023)",
}

@article{dataflow-paper,
	title = {The Dataflow Model: A Practical Approach to Balancing Correctness,
	         Latency, and Cost in Massive-Scale, Unbounded, Out-of-Order Data
	         Processing},
	author = {Tyler Akidau and Robert Bradshaw and Craig Chambers and Slava
	          Chernyak and Rafael J. Fernández-Moctezuma and Reuven Lax and Sam
	          McVeety and Daniel Mills and Frances Perry and Eric Schmidt and Sam
	          Whittle},
	year = {2015},
	journal = {Proceedings of the VLDB Endowment},
	pages = {1792-1803},
	volume = {8},
}

@inproceedings{flumejava,
	title = {FlumeJava: Easy, Efficient Data-Parallel Pipelines},
	author = {Craig Chambers and Ashish Raniwala and Frances Perry and Stephen
	          Adams and Robert Henry and Robert Bradshaw and Nathan},
	year = {2010},
	URL = {http://dl.acm.org/citation.cfm?id=1806638},
	booktitle = {ACM SIGPLAN Conference on Programming Language Design (PLDI)},
	pages = {363-375},
	address = {2 Penn Plaza, Suite 701 New York, NY 10121-0701},
}

@misc{iot-market,
	title = {Internet of Things (IoT) Market Size, 2023-2030 [Электронный ресурс]},
	howpublished = "Режим доступа: \url{
	                https://www.fortunebusinessinsights.com/industry-reports/internet-of-things-iot-market-100307
	                },",
	note = "(дата обращения: 24.10.2023)",
}

@misc{thampi2009introduction,
	title = {Introduction to Distributed Systems},
	author = {Sabu M. Thampi},
	year = {2009},
	eprint = {0911.4395},
	archivePrefix = {arXiv},
	primaryClass = {cs.DC},
}

@book{kleppmann2017designing,
	title = {Designing Data-intensive Applications: The Big Ideas Behind Reliable,
	         Scalable, and Maintainable Systems},
	author = {Kleppmann, M.},
	isbn = {9781449373320},
	lccn = {2017471021},
	url = {https://books.google.at/books?id=BM7woQEACAAJ},
	year = {2017},
	publisher = {O'Reilly Media},
}

@article{cap-changed,
	author = {Brewer, Eric},
	year = {2012},
	month = {02},
	pages = {23-29},
	title = {CAP Twelve years later: How the "Rules" have Changed},
	volume = {45},
	journal = {Computer},
	doi = {10.1109/MC.2012.37},
}

@misc{cap-confusion,
	title = "Henry Robinson: “CAP Confusion: Problems with ‘Partition Tolerance,’”
	         [Электронный ресурс]",
	howpublished = "Режим доступа: \url{
	                https://web.archive.org/web/20120120140424/http://www.cloudera.com/blog/2010/04/cap-confusion-problems-with-partition-tolerance/
	                }",
	note = "(дата обращения: 28.10.2023)",
}

@techreport{Asanović:EECS-2006-183,
	Author = {Asanović, Krste and Bodik, Ras and Catanzaro, Bryan Christopher and
	          Gebis, Joseph James and Husbands, Parry and Keutzer, Kurt and
	          Patterson, David A. and Plishker, William Lester and Shalf, John and
	          Williams, Samuel Webb and Yelick, Katherine A.},
	Title = {The Landscape of Parallel Computing Research: A View from Berkeley},
	Year = {2006},
	Institution = {EECS Dept., University of California, Berkeley},
	URL = {http://www2.eecs.berkeley.edu/Pubs/TechRpts/2006/EECS-2006-183.html},
	Number = {UCB/EECS-2006-183},
}

@book{lynchdistributed,
	title = {Distributed Algorithms},
	author = {Lynch, N.A.},
	isbn = {9781558603486},
	lccn = {97041375},
	series = {The Morgan Kaufmann Data Manag},
	url = {https://books.google.at/books?id=7C7oIV48RQQC},
	year = {1996},
	publisher = {Morgan Kaufmann},
}

@book{2009distributed,
	title = {Distributed Systems: Concepts and Design, 4/e},
	isbn = {9788131718407},
	url = {https://books.google.ru/books?id=O-FyIBTjVOYC},
	year = {2009},
	publisher = {Pearson Education},
}

@misc{khole2023compendium,
	title = {A Compendium on Distributed Systems},
	author = {Aneesh Khole and Atharva Thakar and Avadhoot Kulkarni and Hrithik
	          Jadhav and Shreyas Shende and Varad Karajkhede},
	year = {2023},
	eprint = {2302.03990},
	archivePrefix = {arXiv},
	primaryClass = {cs.DC},
}

@book{tel2000introduction,
	title = {Introduction to Distributed Algorithms},
	author = {Tel, G.},
	isbn = {9780521794831},
	lccn = {00036292},
	url = {https://books.google.ru/books?id=mhcS-eBnbpYC},
	year = {2000},
	publisher = {Cambridge University Press},
}

@book{coulouris2005distributed,
	title = {Distributed Systems: Concepts and Design},
	author = {Coulouris, G.F. and Dollimore, J. and Kindberg, T.},
	isbn = {9780321263544},
	lccn = {2005043613},
	series = {International computer science series},
	url = {https://books.google.ru/books?id=8N9QAAAAMAAJ},
	year = {2005},
	publisher = {Addison-Wesley},
}

@book{vohra2016practical,
	title = {Practical Hadoop Ecosystem: A Definitive Guide to Hadoop-Related
	         Frameworks and Tools},
	author = {Vohra, D.},
	isbn = {9781484221990},
	series = {For professionals by professionals},
	url = {https://books.google.ru/books?id=Hz4sDQAAQBAJ},
	year = {2016},
	publisher = {Apress},
}

@article{10.14778/3137765.3137770,
	author = {Noghabi, Shadi A. and Paramasivam, Kartik and Pan, Yi and Ramesh,
	          Navina and Bringhurst, Jon and Gupta, Indranil and Campbell, Roy H.},
	title = {Samza: stateful scalable stream processing at LinkedIn},
	year = {2017},
	issue_date = {August 2017},
	publisher = {VLDB Endowment},
	volume = {10},
	number = {12},
	issn = {2150-8097},
	url = {https://doi.org/10.14778/3137765.3137770},
	doi = {10.14778/3137765.3137770},
	journal = {Proc. VLDB Endow.},
	month = {aug},
	pages = {1634–1645},
	numpages = {12},
}

@article{Perwej2017AnEE,
	title = {An Empirical Exploration of the Yarn in Big Data},
	author = {Dr. Yusuf Perwej and Bedine Kerim and Mohmed Sirelkhtem Adrees and
	          Osama El-Sayed Sheta},
	journal = {International Journal of Applied Information Systems},
	year = {2017},
	volume = {12},
	pages = {19-29},
	url = {https://api.semanticscholar.org/CorpusID:54841597},
}

@inbook{Kleppmann2018,
	author = "Kleppmann, Martin",
	editor = "Sakr, Sherif and Zomaya, Albert",
	title = "Apache Samza",
	bookTitle = "Encyclopedia of Big Data Technologies",
	year = "2018",
	publisher = "Springer International Publishing",
	address = "Cham",
	pages = "1--8",
	isbn = "978-3-319-63962-8",
	doi = "10.1007/978-3-319-63962-8_197-2",
	url = "https://doi.org/10.1007/978-3-319-63962-8_197-2",
}

